@Techreport{Netcraft,
    author = {Netcraft},
    title = {November 2009 Web Server Survey},
    howpublished = {\url{http://news.netcraft.com/archives/2009/11/10/november_2009_web_server_survey.html}},
    url = {http://news.netcraft.com/archives/2009/11/10/november_2009_web_server_survey.html},
    day = {10},
    month = {Novembro},
    year = {2009}
}

@Techreport{Languages,
    title = {TIOBE Programming Community Index for November 2009},
    howpublished = {\url{http://www.tiobe.com/index.php/content/paperinfo/tpci/index.html}},
    url = {http://www.tiobe.com/index.php/content/paperinfo/tpci/index.html},
    month = {Novembro},
    year = {2009}
}

@Techreport{Top10Sans,
    title = {The Top 10 Most Critical Internet Security Threats},
    author = {Sans Technology Institute},
    howpublished = {\url{http://www.sans.org/top20/2000/}},
    url = {http://www.sans.org/top20/2000/},
    day = {02},
    month = {Maio},
    year = {2002}
}

@Techreport{Top20Sans,
    title = {Top 20 Internet Security Problems, Threats and Risks},
    author = {Sans Technology Institute},
    howpublished = {\url{http://www.sans.org/top20/}},
    url = {http://www.sans.org/top20/},
    day = {28},
    month = {Novembro},
    year = {2007}
}

@article{Scripting,
    author = {John K. Ousterhout},
    title = {Scripting: Higher Level Programming for the 21st Century},
    howpublished = {\url{http://home.pacbell.net/ouster/scripting.html}},
    url = {http://home.pacbell.net/ouster/scripting.html},
    journal = {IEEE Computer magazine},
    month = {Mar√ßo},
    year = {1998}
}

@Techreport{BasicAuth,
    author = {J. Franks and Northwestern University and P. Hallam-Baker and Verisign, Inc. and J. Hostetler and AbiSource, Inc. and S. Lawrence and Agranat Systems, Inc. and P. Leach and Microsoft Corporation and A. Luotonen and Netscape Communications Corporation and L. Stewart and Open Market, Inc.},
    title = {HTTP Authentication: Basic and Digest Access Authentication},
    howpublished = {\url{http://tools.ietf.org/html/rfc2617}},
    url = {http://tools.ietf.org/html/rfc2617},
    month = {Junho},
    year = {1999}
}

@inproceedings{PrivilegeEscalation,
    author = {Provos, Niels and Friedl, Markus and Honeyman, Peter},
    title = {Preventing privilege escalation},
    booktitle = {SSYM'03: Proceedings of the 12th conference on USENIX Security Symposium},
    year = {2003},
    pages = {16--16},
    location = {Washington, DC},
    publisher = {USENIX Association},
    address = {Berkeley, CA, USA},
 }

 @inproceedings{NetworkBasedDictionaryAttackDetection,
    author = {Vykopal, Jan and Plesnik, Tomas and Minarik, Pavel},
    title = {Network-Based Dictionary Attack Detection},
    booktitle = {ICFN '09: Proceedings of the 2009 International Conference on Future Networks},
    year = {2009},
    isbn = {978-0-7695-3567-8},
    pages = {23--27},
    doi = {http://dx.doi.org/10.1109/ICFN.2009.36},
    publisher = {IEEE Computer Society},
    address = {Washington, DC, USA},
 }